<?xml version="1.0" encoding="UTF-8"?><collection xmlns="http://www.loc.gov/MARC21/slim"><record><leader>00589nam--2200205-i-4500</leader><controlfield tag="001">000013190</controlfield><controlfield tag="002">20161230</controlfield><controlfield tag="005">20161230201030</controlfield><controlfield tag="008">060222s1000------------r-----000-0-eng-d</controlfield><datafield ind1=" " ind2=" " tag="020"><subfield code="a">0123049016</subfield></datafield><datafield ind1=" " ind2=" " tag="040"><subfield code="a">IFIN-HH</subfield></datafield><datafield ind1=" " ind2=" " tag="080"><subfield code="a">535.214.4</subfield></datafield><datafield ind1="1" ind2=" " tag="100"><subfield code="a">Grum, Franc</subfield></datafield><datafield ind1="1" ind2="0" tag="245"><subfield code="a">Optical radiation measurements</subfield><subfield code="b">Volume 1. radiometry</subfield><subfield code="c">Franc grum; richard j. becherer</subfield></datafield><datafield ind1=" " ind2=" " tag="260"><subfield code="a">LONDON</subfield><subfield code="b">Academic Press</subfield><subfield code="c">1979</subfield></datafield><datafield ind1=" " ind2=" " tag="300"><subfield code="a">VII + 335 P</subfield></datafield><datafield ind1=" " ind2=" " tag="490"><subfield code="a">Optical Radiation Measurements. A Treatise</subfield></datafield><datafield ind1="1" ind2=" " tag="700"><subfield code="a">Becherer, Richard D</subfield></datafield><datafield ind1=" " ind2=" " tag="852"><subfield code="a">47444</subfield><subfield code="c">535</subfield></datafield><datafield ind1=" " ind2=" " tag="CAT"><subfield code="a">Sys</subfield><subfield code="c">20101123</subfield><subfield code="h">134053</subfield></datafield></record></collection>